@misc{maratonasbc,
    title="Maratona SBC de Programação",
    url = "http://maratona.sbc.org.br/sobre21.html"
}

@misc{icpc,
	title={ICPC - International Collegiate Programming Contest},
	url={https://icpc.global/}
}

@misc{ansi_color,
	author = "{Wikipedia contributors}",
    title = "ANSI escape code --- Colors --- {Wikipedia}{,} The Free Encyclopedia",
    year = "2021",
    url = "https://en.wikipedia.org/w/index.php?title=ANSI_escape_code&oldid=1049716375#Colors",
    note = "[Online; accessed 16-October-2021]"
}

@misc{golang,
	author={Mark McGranaghan, Eli Bendersky},
	url={https://gobyexample.com/timeouts},
	title={Go by Example: Timeouts}
}

@misc{pthreads,
	author={Linux Manual Page},
	url={https://man7.org/linux/man-pages/man7/pthreads.7.html},
	title={pthreads(7) --- Linux Manual Page}
}

@misc{semaphore,
	author={Linux Manual Page},
	url={https://www.man7.org/linux/man-pages/man0/semaphore.h.0p.html},
	title={semaphore.h(0p) — Linux manual page}
}
